<record><leader>00000cas a2200000 a 4500</leader><controlfield tag="001">30502882</controlfield><controlfield tag="007">hd afu---baca</controlfield><controlfield tag="008">940527d18981937nbuwr n a     0    0eng d</controlfield><datafield ind1=" " ind2=" " tag="010"><subfield code="a">sn 94055307 </subfield></datafield><datafield ind1=" " ind2=" " tag="040"><subfield code="a">NVG</subfield><subfield code="b">eng</subfield><subfield code="c">NVG</subfield><subfield code="d">OCL</subfield><subfield code="d">OCLCQ</subfield><subfield code="d">OCLCF</subfield><subfield code="d">OCLCQ</subfield></datafield><datafield ind1=" " ind2=" " tag="042"><subfield code="a">msc</subfield></datafield><datafield ind1="0" ind2="0" tag="245"><subfield code="a">Cedar Rapids outlook.</subfield></datafield><datafield ind1=" " ind2=" " tag="260"><subfield code="a">Cedar Rapids, Neb. :</subfield><subfield code="b">Baird &amp; Son,</subfield><subfield code="c">1898-1937.</subfield></datafield><datafield ind1=" " ind2=" " tag="300"><subfield code="a">41 volumes</subfield></datafield><datafield ind1=" " ind2=" " tag="310"><subfield code="a">Weekly</subfield></datafield><datafield ind1=" " ind2=" " tag="336"><subfield code="a">text</subfield><subfield code="b">txt</subfield><subfield code="2">rdacontent</subfield></datafield><datafield ind1=" " ind2=" " tag="337"><subfield code="a">microform</subfield><subfield code="b">h</subfield><subfield code="2">rdamedia</subfield></datafield><datafield ind1=" " ind2=" " tag="338"><subfield code="a">microfilm reel</subfield><subfield code="b">hd</subfield><subfield code="2">rdacarrier</subfield></datafield><datafield ind1="0" ind2=" " tag="362"><subfield code="a">Vol. 13, no. 22 (Apr. 15, 1898)-v. 53, no. 29 (Apr. 8, 1937).</subfield></datafield><datafield ind1=" " ind2=" " tag="580"><subfield code="a">Merged with: Cedar Rapids leader (Cedar Rapids, Neb.) to form: Cedar Rapids leader-outlook.</subfield></datafield><datafield ind1=" " ind2=" " tag="533"><subfield code="a">Microfilm.</subfield><subfield code="b">Wooster, Ohio :</subfield><subfield code="c">Bell &amp; Howell.</subfield><subfield code="e">17 microfilm reel ; 35 mm.</subfield></datafield><datafield ind1=" " ind2="0" tag="651"><subfield code="a">Cedar Rapids (Neb.) Newspapers.</subfield></datafield><datafield ind1=" " ind2="7" tag="651"><subfield code="a">Nebraska</subfield><subfield code="z">Cedar Rapids.</subfield><subfield code="2">fast</subfield><subfield code="0">(OCoLC)fst01278602</subfield></datafield><datafield ind1=" " ind2=" " tag="752"><subfield code="a">United States</subfield><subfield code="b">Nebraska</subfield><subfield code="c">Boone</subfield><subfield code="d">Cedar Rapids.</subfield></datafield><datafield ind1="0" ind2="0" tag="780"><subfield code="t">Boone County outlook</subfield><subfield code="w">(DLC)sn 94055302</subfield></datafield><datafield ind1="1" ind2="7" tag="785"><subfield code="t">Cedar Rapids leader (Cedar Rapids, Neb.)</subfield><subfield code="w">(DLC)sn 94055243</subfield></datafield><datafield ind1="1" ind2="7" tag="785"><subfield code="t">Cedar Rapids leader-outlook</subfield><subfield code="w">(DLC)sn 94055312</subfield></datafield><datafield ind1="1" ind2=" " tag="029"><subfield code="a">AU@</subfield><subfield code="b">000022177122</subfield></datafield></record>